@article{atherly2004effect,
  title={The effect of benefits, premiums, and health risk on health plan choice in the Medicare program},
  author={Atherly, Adam and Dowd, Bryan E and Feldman, Roger},
  journal={Health services research},
  volume={39},
  number={4p1},
  pages={847--864},
  year={2004},
  publisher={Wiley Online Library}
}

@article{brazier2004estimation,
  title={The estimation of a preference-based measure of health from the SF-12},
  author={Brazier, John E and Roberts, Jennifer},
  journal={Medical care},
  volume={42},
  number={9},
  pages={851--859},
  year={2004},
  publisher={LWW}
}

@article{dolan1997modeling,
  title={Modeling valuations for EuroQol health states},
  author={Dolan, Paul},
  journal={Medical care},
  volume={35},
  number={11},
  pages={1095--1108},
  year={1997},
  publisher={LWW}
}

@article{buchmueller2006price,
  title={Price and the health plan choices of retirees},
  author={Buchmueller, Thomas},
  journal={Journal of Health Economics},
  volume={25},
  number={1},
  pages={81--101},
  year={2006},
  publisher={Elsevier}
}

@article {statacmp2011,
	author = "Roodman, D.",
	title = "Fitting fully observed recursive mixed-process models with cmp",
	journal = "Stata Journal",
	publisher = "Stata Press",
	address = "College Station, TX",
	volume = "11",
	number = "2",
	year = "2011",
	pages = "159-206(48)",
	url = "http://www.stata-journal.com/article.html?article=st0224"
}

@article{fryback2007us,
  title={US norms for six generic health-related quality-of-life indexes from the National Health Measurement study},
  author={Fryback, Dennis G and Dunham, Nancy Cross and Palta, Mari and Hanmer, Janel and Buechner, Jennifer and Cherepanov, Dasha and Herrington, Shani and Hays, Ron D and Kaplan, Robert M and Ganiats, Theodore G and others},
  journal={Medical care},
  volume={45},
  number={12},
  pages={1162--1170},
  year={2007},
  publisher={NIH Public Access}
}



@techreport{goldman2004health,
  title={Health status and medical treatment of the future elderly},
  author={Goldman, Dana P and Shekelle, Paul G and Bhattacharya, Jayanta and Hurd, Michael and Joyce, Geoffrey F},
  year={2004},
  institution={DTIC Document}
}

@article{honeycutt2003dynamic,
  title={A dynamic Markov model for forecasting diabetes prevalence in the United States through 2050},
  author={Honeycutt, Amanda A and Boyle, James P and Broglio, Kristine R and Thompson, Theodore J and Hoerger, Thomas J and Geiss, Linda S and Narayan, KM Venkat},
  journal={Health care management science},
  volume={6},
  number={3},
  pages={155--164},
  year={2003},
  publisher={Springer}
}

@article{mackinnon1990transforming,
  title={Transforming the dependent variable in regression models},
  author={MacKinnon, James G and Magee, Lonnie},
  journal={International Economic Review},
  pages={315--339},
  year={1990},
  publisher={JSTOR}
}

@article{mainous2007impact,
  title={Impact of the population at risk of diabetes on projections of diabetes burden in the United States: an epidemic on the way},
  author={Mainous III, AG and Baker, Richard and Koopman, RJ and Saxena, S and Diaz, VA and Everett, CJ and Majeed, A},
  journal={Diabetologia},
  volume={50},
  number={5},
  pages={934--940},
  year={2007},
  publisher={Springer}
}

@article{kapteyn2006effects,
  title={Effects of attrition and non-response in the Health and Retirement Study},
  author={Kapteyn, Arie and Michaud, Pierre-Carl and Smith, James P and Van Soest, Arthur},
  year={2006},
  publisher={IZA Discussion paper}
}

@incollection{poterba2009decline,
  title={The decline of defined benefit retirement plans and asset flows},
  author={Poterba, James M and Venti, Steven F and Wise, David A},
  booktitle={Social Security policy in a changing environment},
  pages={333--379},
  year={2009},
  publisher={University of Chicago Press}
}

@incollection{poterba2008new,
  title={New estimates of the future path of 401 (k) assets},
  author={Poterba, James M and Venti, Steven F and Wise, David A},
  booktitle={Tax Policy and the Economy, Volume 22},
  pages={43--80},
  year={2008},
  publisher={University of Chicago Press}
}

@techreport{poterba2007decline,
  title={The Decline of Defined Benefit Retirement Plans and Asset Flows},
  author={Poterba, James and Venti, Steven and Wise, David A},
  year={2007},
  institution={National Bureau of Economic Research}
}

@book{reville2005evaluation,
  title={An evaluation of California’s permanent disability rating system},
  author={Reville, Robert T and Seabury, Seth A and Neuhauser, Frank W and Burton, John F and Greenberg, Michael D},
  year={2005},
  publisher={RAND Corporation}
}

@inproceedings{ruhm2007current,
  title={Current and future prevalence of obesity and severe obesity in the United States},
  author={Ruhm, Christopher J},
  booktitle={Forum for Health Economics \& Policy},
  volume={10},
  number={2},
  year={2007}
}

@techreport{selden2008aligning,
	title={Aligning the {M}edical {E}xpenditure {P}anel {S}urvey to aggregate US benchmarks},
	author={Selden, Thomas M and Sing, Merrile},
	year={2008},
	institution={Agency for Healthcare Research and Quality}
}

@article{shaw2005us,
  title={US valuation of the EQ-5D health states: development and testing of the D1 valuation model},
  author={Shaw, James W and Johnson, Jeffrey A and Coons, Stephen Joel},
  journal={Medical care},
  volume={43},
  number={3},
  pages={203--220},
  year={2005},
  publisher={LWW}
}

@misc{train2003discrete,
  title={Discrete choice methods with simulation},
  author={Train, Kenneth E},
  year={2003},
  publisher={Cambridge: Cambridge University Press}
}

@article{wooldridge2000framework,
  title={A framework for estimating dynamic, unobserved effects panel data models with possible feedback to future explanatory variables},
  author={Wooldridge, Jeffrey M},
  journal={Economics Letters},
  volume={68},
  number={3},
  pages={245--250},
  year={2000},
  publisher={Elsevier}
}

@software{hrs2012,
	title={Health and Retirement Study, (RAND HRS)}, 
	author={Produced and distributed by the University of Michigan with funding from the National Institute on Aging (grant number NIA U01AG009740)}, 
	location={Ann Arbor, MI}, 
	year={2012}
}

@article{levy2006smoking,
	title={Trends in smoking rates under different tobacco control policies: results from the {S}im{S}moke tobacco policy simulation model.},
	author={Levy, D.},
	year={2006}
}
	
@techreport{smith2013mint,
	title={A Primer on Modeling Income in the Near Term, Version 7},
	author={Smith, Karen and Melissa Favreault},
	year={2013},
	institution={The Urban Institute},
	url={"http://www.urban.org/publications/411191.html"}
}
	